<?xml version="1.0" encoding="UTF-8" ?>
<record Numero="13926671" format="InterXMarc_Complet" type="Authority">
<leader>01789c1 au22000272  45  <Pos Code="0004">01789</Pos>
<Pos Code="05" Sens="notice modifiée">c</Pos>
<Pos Code="06" Sens="notice validée en catalogage courant">1</Pos>
<Pos Code="08" Sens="notice d&apos;autorité">a</Pos>
<Pos Code="09" Sens="titre uniforme musical (TUM)">u</Pos>
<Pos Code="10">2</Pos>
<Pos Code="11">2</Pos>
<Pos Code="1216">00027</Pos>
<Pos Code="17" Sens="autres cas">2</Pos>
<Pos Code="20">4</Pos>
<Pos Code="21">5</Pos>
</leader>
<controlfield tag="001">FRBNF139266710<Pos Code="0001">FR</Pos>
<Pos Code="0204">BNF</Pos>
<Pos Code="0512">13926671</Pos>
<Pos Code="13">0</Pos>
</controlfield>
<controlfield tag="008">900523130605yyfre opc       1784                             010 <Pos Code="0001">90</Pos>
<Pos Code="0203">05</Pos>
<Pos Code="0405">23</Pos>
<Pos Code="0607">13</Pos>
<Pos Code="0809">06</Pos>
<Pos Code="1011">05</Pos>
<Pos Code="1213" Sens="ne s&apos;applique pas">yy</Pos>
<Pos Code="1416" Sens="français">fre</Pos>
<Pos Code="1820" Sens="comédie mêlée d&apos;ariettes => opéra-comique.">opc</Pos>
<Pos Code="2831">1784</Pos>
<Pos Code="61" Sens="La vedette peut être liée à une notice bibliographique pour les accès signalétiques et/ou pour l&apos;accès matière RAMEAU">0</Pos>
<Pos Code="62" Sens="La vedette ne peut s&apos;employer qu&apos;en tête de vedette">1</Pos>
<Pos Code="63" Sens="La vedette n&apos;admet pas de subdivision géographique">0</Pos>
</controlfield>
<datafield tag="048" ind1=" " ind2=" ">
	<subfield code="a">va04<Pos Code="0001" Sens="voix - soprano">va</Pos>
<Pos Code="02">0</Pos>
<Pos Code="03">4</Pos>
</subfield>
	<subfield code="a">vd02<Pos Code="0001" Sens="voix - ténor">vd</Pos>
<Pos Code="02">0</Pos>
<Pos Code="03">2</Pos>
</subfield>
	<subfield code="a">vf02<Pos Code="0001" Sens="voix - basse">vf</Pos>
<Pos Code="02">0</Pos>
<Pos Code="03">2</Pos>
</subfield>
	<subfield code="a">ca01<Pos Code="0001" Sens="choeurs - mixte (4 voix SATB)">ca</Pos>
<Pos Code="02">0</Pos>
<Pos Code="03">1</Pos>
</subfield>
	<subfield code="a">oh01<Pos Code="0001" Sens="orchestre - orchestre XVIIe-XVIIIe s.">oh</Pos>
<Pos Code="02">0</Pos>
<Pos Code="03">1</Pos>
</subfield>
</datafield>
<datafield tag="100" ind1=" " ind2=" ">
	<subfield code="3">13988532</subfield>
	<subfield code="w">.0..b.....</subfield>
	<subfield code="a">Grétry</subfield>
	<subfield code="m">André-Ernest-Modeste</subfield>
	<subfield code="d">1741-1813</subfield>
</datafield>
<datafield tag="144" ind1="1" ind2=" ">
	<subfield code="w">....b.fre.</subfield>
	<subfield code="a">Richard Coeur-de-lion</subfield>
</datafield>
<datafield tag="302" ind1=" " ind2=" ">
	<subfield code="3">14718689</subfield>
	<subfield code="a">Grétry</subfield>
	<subfield code="m">André-Ernest-Modeste</subfield>
	<subfield code="d">1741-1813</subfield>
	<subfield code="t">[Richard Coeur de Lion. Je crains de lui parler la nuit]</subfield>
</datafield>
<datafield tag="302" ind1=" " ind2=" ">
	<subfield code="3">15112828</subfield>
	<subfield code="a">Grétry</subfield>
	<subfield code="m">André-Ernest-Modeste</subfield>
	<subfield code="d">1741-1813</subfield>
	<subfield code="t">[Richard Coeur de lion. Acte 1, scène 1. Chantons, célébrons ce bon ménage]</subfield>
</datafield>
<datafield tag="302" ind1=" " ind2=" ">
	<subfield code="3">15112801</subfield>
	<subfield code="a">Grétry</subfield>
	<subfield code="m">André-Ernest-Modeste</subfield>
	<subfield code="d">1741-1813</subfield>
	<subfield code="t">[Richard Coeur de lion. Acte 1, scène 1. La danse n&apos;est pas ce que j&apos;aime]</subfield>
</datafield>
<datafield tag="302" ind1=" " ind2=" ">
	<subfield code="3">15112671</subfield>
	<subfield code="a">Grétry</subfield>
	<subfield code="m">André-Ernest-Modeste</subfield>
	<subfield code="d">1741-1813</subfield>
	<subfield code="t">[Richard Coeur de lion. Acte 2, scène 2. Si l&apos;univers entier m&apos;oublie]</subfield>
</datafield>
<datafield tag="302" ind1=" " ind2=" ">
	<subfield code="3">15111868</subfield>
	<subfield code="a">Grétry</subfield>
	<subfield code="m">André-Ernest-Modeste</subfield>
	<subfield code="d">1741-1813</subfield>
	<subfield code="t">[Richard Coeur de lion. Acte 1, scène 3. Quoi, de la part du gouverneur]</subfield>
</datafield>
<datafield tag="302" ind1=" " ind2=" ">
	<subfield code="3">15111851</subfield>
	<subfield code="a">Grétry</subfield>
	<subfield code="m">André-Ernest-Modeste</subfield>
	<subfield code="d">1741-1813</subfield>
	<subfield code="t">[Richard Coeur de lion. Acte 3, scène 9. Le gouverneur pendant la danse]</subfield>
</datafield>
<datafield tag="302" ind1=" " ind2=" ">
	<subfield code="3">15111420</subfield>
	<subfield code="a">Grétry</subfield>
	<subfield code="m">André-Ernest-Modeste</subfield>
	<subfield code="d">1741-1813</subfield>
	<subfield code="t">[Richard Coeur-de-lion. Acte 2, scène 4. Une fièvre brûlante]</subfield>
</datafield>
<datafield tag="322" ind1="6" ind2=" ">
	<subfield code="3">12007007</subfield>
	<subfield code="9">100</subfield>
	<subfield code="w">.0..b.....</subfield>
	<subfield code="a">Sedaine</subfield>
	<subfield code="m">Michel-Jean</subfield>
	<subfield code="d">1719-1797</subfield>
</datafield>
<datafield tag="600" ind1=" " ind2=" ">
	<subfield code="a">Comédie mise en musique en trois actes en prose et en vers</subfield>
	<subfield code="a">Dédicace à Mme des Entelles</subfield>
	<subfield code="a">Livret de Michel-Jean Sedaine</subfield>
	<subfield code="a">1re représentation : Paris, Comédie Italienne, 21 octobre 1784</subfield>
	<subfield code="a">Éd. : Paris, Houbaud ; Lyon, Castaud [1786]</subfield>
</datafield>
<datafield tag="608" ind1=" " ind2=" ">
	<subfield code="b">Antonio, Colette, Laurette, Marguerite de Flandres (sopranos)</subfield>
	<subfield code="b">Blondel, Richard (ténors)</subfield>
	<subfield code="b">Florestan, Sir Williams (basses)</subfield>
</datafield>
<datafield tag="610" ind1=" " ind2=" ">
	<subfield code="a">Gretry and the growth of opera-comique / David Charlton, 1986</subfield>
	<subfield code="a">Grove 7</subfield>
</datafield>
<datafield tag="610" ind1=" " ind2=" ">
	<subfield code="a">Richard Coeur-de-lion [Musique imprimée] / A.-E.-M. Grétry [1786]</subfield>
</datafield>
<datafield tag="917" ind1=" " ind2=" ">
	<subfield code="o">OPC</subfield>
	<subfield code="a">100571040</subfield>
</datafield>
<datafield tag="996" ind1=" " ind2=" ">
	<subfield code="o">OPP</subfield>
	<subfield code="a">16305441</subfield>
	<subfield code="d">20130605</subfield>
</datafield>
<Alter Ori="13988532">
<datafield tag="400" ind1=" " ind2=" ">
	<subfield code="w">....b.....</subfield>
	<subfield code="a">Grétry</subfield>
	<subfield code="m">André-Modeste</subfield>
	<subfield code="d">1741-1813</subfield>
</datafield>
</Alter>
<Attr Nom="IDPerenne">ark:/12148/cb139266715</Attr>
<Attr Nom="NumSource">OPC 100571040</Attr>
<Attr Nom="Source" Sens="BnF catalogue général (depuis 1999)">A</Attr>
<Attr Nom="NumAutoriteLiee">139885321471868915112828151128011511267115111868151118511511142012007007</Attr>
<Attr Nom="DateCreation">23/05/ 1990</Attr>
<Attr Nom="ResponsableCreation">MIGV2</Attr>
<Attr Nom="StructCreation">1</Attr>
<Attr Nom="DateDerniereValidation">05/06/ 2013</Attr>
<Attr Nom="ResponsableDerniereValidation">SERRES CATHERINE</Attr>
<Attr Nom="StructPremiereValidation">1</Attr>
<Attr Nom="DatePremiereValidation">23/05/ 1990</Attr>
<Attr Nom="ResponsablePremiereValidation">MIGV2</Attr>
<Attr Nom="StructDerniereValidation">82</Attr>
<Attr Nom="NumSource" Rep="1">OPP 16305441</Attr>
</record>
